@online{lorem,
  title     = {Ayo big poggers},
  author    = {Jorn Veken},
  year      = 2022,
  url       = {https://zombo.com},
  addendum = {Geraadpleegd op 17-2-2022}
}